<?xml version="1.0" encoding="UTF-8"?><record xmlns="http://www.loc.gov/MARC21/slim" xmlns:cinclude="http://apache.org/cocoon/include/1.0" xmlns:zs="http://www.loc.gov/zing/srw/">
  <leader>00992nz  a2200229n  4500</leader>
  <controlfield tag="001">no2013129059</controlfield>
  <controlfield tag="003">DLC</controlfield>
  <controlfield tag="005">20131119073557.0</controlfield>
  <controlfield tag="008">131118n| azannaabn          |a ana     c</controlfield>
  <datafield tag="010" ind1=" " ind2=" ">
    <subfield code="a">no2013129059</subfield>
  </datafield>
  <datafield tag="035" ind1=" " ind2=" ">
    <subfield code="a">(OCoLC)oca09618020</subfield>
  </datafield>
  <datafield tag="040" ind1=" " ind2=" ">
    <subfield code="a">NN</subfield>
    <subfield code="b">eng</subfield>
    <subfield code="e">rda</subfield>
    <subfield code="c">NN</subfield>
  </datafield>
  <datafield tag="046" ind1=" " ind2=" ">
    <subfield code="s">1966</subfield>
  </datafield>
  <datafield tag="110" ind1="2" ind2=" ">
    <subfield code="a">Association of Black Educators of New York</subfield>
  </datafield>
  <datafield tag="368" ind1=" " ind2=" ">
    <subfield code="a">Professional associations</subfield>
    <subfield code="2">lcsh</subfield>
  </datafield>
  <datafield tag="370" ind1=" " ind2=" ">
    <subfield code="c">United States</subfield>
    <subfield code="e">New York (N.Y.)</subfield>
  </datafield>
  <datafield tag="371" ind1=" " ind2=" ">
    <subfield code="a">P.O.Box 341053</subfield>
    <subfield code="b">Jamaica</subfield>
    <subfield code="c">N.Y.</subfield>
    <subfield code="e">11434</subfield>
  </datafield>
  <datafield tag="372" ind1=" " ind2=" ">
    <subfield code="a">Education</subfield>
    <subfield code="2">lcsh</subfield>
  </datafield>
  <datafield tag="377" ind1=" " ind2=" ">
    <subfield code="a">eng</subfield>
  </datafield>
  <datafield tag="410" ind1="2" ind2=" ">
    <subfield code="a">ABENY</subfield>
  </datafield>
  <datafield tag="670" ind1=" " ind2=" ">
    <subfield code="a">Association of Black Educators of New York Web Page, Nov. 5, 2013:</subfield>
    <subfield code="b">(The association was formed in the 1960's to be a voice in support of African-Americans students and educators in the New York City Public Schools; P.O.Box 341053 Jamaica, NY 11434)</subfield>
    <subfield code="u">http://www.abeny.org/</subfield>
  </datafield>
  <datafield tag="670" ind1=" " ind2=" ">
    <subfield code="a">The Association of Black Educators of New York, ABENY, 1991:</subfield>
    <subfield code="b">cover (Association of Black Educators of New York, ABENY silver anniversary)</subfield>
  </datafield>
</record>